%% This BibTeX bibliography file was created using BibDesk.
%% http://bibdesk.sourceforge.net/


%% Created for Jyh-Ming Lien at 2010-10-21 13:30:08 -0400 


%% Saved with string encoding Unicode (UTF-8) 



@article{em-tdas-94,
	Author = {H. Edelsbrunner and E. P. M{\"u}cke},
	Date-Added = {2010-10-21 13:27:38 -0400},
	Date-Modified = {2010-10-21 13:27:38 -0400},
	Journal = {ACM Trans. Graph.},
	Month = jan,
	Number = 1,
	Pages = {43--72},
	Title = {Three-dimensional Alpha Shapes},
	Update = {94.09 orourke},
	Volume = 13,
	Year = 1994,
	Bdsk-Url-1 = {ftp://cs.uiuc.edu/pub/edels/geometry/shapes-94.tar.Z}}

@inproceedings{abk-anvra-98,
	Author = {N. Amenta and M.Bern and M. Kamvysselis},
	Booktitle = {SIGGRAPH, Orlando, FL},
	Date-Added = {2010-10-21 13:23:08 -0400},
	Date-Modified = {2010-10-21 13:23:08 -0400},
	Title = {A new voronoi-based reconstruction algorithm},
	Year = 1998}

@inproceedings{secord2002weighted,
  title={Weighted voronoi stippling},
  author={Secord, Adrian},
  booktitle={Proceedings of the 2nd international symposium on Non-photorealistic animation and rendering},
  pages={37--43},
  year={2002},
  organization={ACM}
}

@inproceedings{hoff1999fast,
  title={Fast computation of generalized Voronoi diagrams using graphics hardware},
  author={Hoff III, Kenneth E and Keyser, John and Lin, Ming and Manocha, Dinesh and Culver, Tim},
  booktitle={Proceedings of the 26th annual conference on Computer graphics and interactive techniques},
  pages={277--286},
  year={1999},
  organization={ACM Press/Addison-Wesley Publishing Co.}
}


@article{fortune1987sweepline,
  title={A sweepline algorithm for Voronoi diagrams},
  author={Fortune, Steven},
  journal={Algorithmica},
  volume={2},
  number={1-4},
  pages={153},
  year={1987},
  publisher={Springer}
}

@inproceedings{floydSteinberg1976dithering,
author = {W. Floyd, Robert and Steinberg, Louis},
year = {1976},
month = {06},
pages = {75-77},
title = {Adaptive algorithm for spatial greyscale},
volume = {17},
booktitle = {Proc Soc Inf Disp}
}





